
@inproceedings{weil_ceph:_2006,
	title = {Ceph: A scalable, high-performance distributed file system},
	shorttitle = {Ceph},
	url = {https://www.usenix.org/legacyurl/osdi-06-paper-4},
	urldate = {2013-03-02},
	booktitle = {Proceedings of the 7th Symposium on Operating Systems Design and Implementation ({OSDI)}},
	author = {Weil, Sage A. and Brandt, Scott A. and Miller, Ethan L. and Long, Darrell {DE} and Maltzahn, Carlos},
	year = {2006},
	pages = {307â€“320},
	file = {weil-ceph-osdi06.pdf:/home/schulz/ceph/literature/weil-ceph-osdi06.pdf:application/pdf}
},

@inproceedings{weil_crush:_2006,
	title = {{CRUSH:} Controlled, scalable, decentralized placement of replicated data},
	shorttitle = {{CRUSH}},
	url = {http://dl.acm.org/citation.cfm?id=1188582},
	urldate = {2013-03-02},
	booktitle = {Proceedings of the 2006 {ACM/IEEE} conference on Supercomputing},
	author = {Weil, Sage A. and Brandt, Scott A. and Miller, Ethan L. and Maltzahn, Carlos},
	year = {2006},
	pages = {122},
	file = {weil-crush-sc06.pdf:/home/schulz/ceph/literature/weil-crush-sc06.pdf:application/pdf}
},

@phdthesis{weil_ceph:_2007,
	title = {Ceph: Reliable, scalable, and high-performance distributed storage},
	shorttitle = {Ceph},
	url = {http://users.soe.ucsc.edu/~sage/papers/thesis.pdf},
	urldate = {2013-03-02},
	school = {{UNIVERSITY} {OF} {CALIFORNIA}},
	author = {Weil, Sage A.},
	year = {2007},
	file = {weil-thesis.pdf:/home/schulz/ceph/literature/weil-thesis.pdf:application/pdf}
}